011950100T000000          711900000000000000000000000054540051042015010120150131olvg201501  20150201              EUR                                                                                                                                                                                                 
020000000000016000002917119                          1994013011gespecialiseerd                    0                                   M     03831PE         00002                   2                                                                                                                                 
040000000000026000002917119                              105026A012101001000041201401012014013101zorgtraject001       030293539954030293539954019400242700000000000000000000                000000                     04040000200100018600012000003001Dpres001                                                       
060000000000036000002917119               05026A01220140101011000026A0120329030293530000201401012014013100010001000000010000D00000000D000000010000Dpres001_tar001                                                                                                                                                     
060000000000046000002917119               05026A01220140101011100025A0480000030293530000201401102014011500060001500000090000D00000000D000000090000Dpres001_tar002                                                                                                                                                     
060000000000056000002917119               05026A01220140101011100025A0500000030293530000201401162014011700020002000000040000D00000000D000000040000Dpres001_tar003                                                                                                                                                     
980000000000050001dit is het commentaar bij pres001_tar003: DBC-verblijf                                                                                                                                                                                                                                              
060000000000066000002917119               05026A01220140101011200025A0610000030293530000201401312014013100150000200000030000D00000000D000000030000Dpres001_tar004                                                                                                                                                     
160000000000076000002917119               05026A0122014010101act_9.1             20140110201402010400002000000000000000000000Dpres001_za001                                                                                                                                                                           
170000000000086000002917119               05026A012201401010101030293530000201401102014013101000120000000Dpres001_tb001                                                                                                                                                                                               
170000000000096000002917119               05026A012201401010102000000009937201401012014013101000000000030Dpres001_tb002                                                                                                                                                                                               
040000000000106000002917119                              1050194073            201401252014012501                     000000000000000000000000020302935300000000000000000000                000000                     00000000000000000000000000000001Dpres002                                                       
980000000000100001dit is het commentaar bij pres001: OVP gespecialiseerde GGZ                                                                                                                                                                                                                                         
060000000000116000002917119               0501940732014012501020001940730000090024270000201401252014012500010000900000009000D00000000D000000009000Dpres002_tar001                                                                                                                                                     
060000000000126000002917119               0501940732014012501040001940730000090024279411201401252014012500010000900000009000D00000000D000000009000Dpres002_tar002                                                                                                                                                     
020000000000139000001327119                          1956031221basis                              0                                   K     08032ZE         0000000001              2                                                                                                                                 
980000000000130001dit is het commentaar bij verzekerde voor Basis GGZ                                                                                                                                                                                                                                                 
040000000000149000001327119                              1063180005            201401012014011001                     900002569922000000000000060000000000000000000000000000                000000                     10000000000100009000006000000001Dpres003                                                       
060000000000159000001327119               0631800052014010101150001800050000900002560000201401012014011000010001500000015000D00000000D000000015000Dpres003_tar001                                                                                                                                                     
170000000000169000001327119               063180005201401010101900002560000201401012014011001000060000000Dpres003_tb001                                                                                                                                                                                               
040000000000179000001327119                              1063180001            201401112014013101                     900002569922000000000000049000025600000000000000000000          180001000000                    N11000000000100018000012000006001Dpres004                                                       
060000000000189000001327119               0631800012014011101140001800010000900002560000201401112014013100010004000000040000D00000000D000000040000Dpres004_tar001                                                                                                                                                     
170000000000199000001327119               063180001201401110101900002560000201401112014013101000120000060Dpres004_tb001                                                                                                                                                                                               
020000000000209000007527119                          1972041821langdurig                          0                                   ZZP   01544RK         00023                   2                                                                                                                                 
040000000000219000007527119                              1050530034            201501012015013101                     900002569932000000000000080000000000000000000000000000                000000                     00000000000000000000000000000001Dpres005                                                       
060000000000229000007527119               0505300342015010101160005300340000900002560000201501012015013100310001500000450000D00000000D000000450000Dpres005_tar001                                                                                                                                                     
040000000000239000007527119                              1050450012            201501112015011101                     900002569922000000000000080000000000000000000000000000                000000                     00000000000000000000000000000001Dpres006                                                       
060000000000249000007527119               0504500122015011101170004500120000900002560000201501112015011100010004000000040000D00000000D000000040000Dpres006_tar001                                                                                                                                                     
99000003000000000006000010000001000004000003000002700000733000D                                                                                                                                                                                                                                                       
